<?xml version="1.0" encoding="UTF-8"?><collection xmlns="http://www.loc.gov/MARC21/slim"><record><leader>00553nam--2200181-i-4500</leader><controlfield tag="001">000019842</controlfield><controlfield tag="002">20161230</controlfield><controlfield tag="005">20161230201033</controlfield><controlfield tag="008">060222s1000------------r-----000-0-eng-d</controlfield><datafield ind1=" " ind2=" " tag="040"><subfield code="a">IFIN-HH</subfield></datafield><datafield ind1=" " ind2=" " tag="080"><subfield code="a">621.3(038)=590=40</subfield></datafield><datafield ind1="1" ind2=" " tag="100"><subfield code="a">Condruc, Mihai</subfield></datafield><datafield ind1="1" ind2="0" tag="245"><subfield code="a">Dictionar de electrotehnica electronica telecomunicatii automatica si cibernetica roman-francez</subfield><subfield code="c">Mihai condruc, gheorghe nicoara</subfield></datafield><datafield ind1=" " ind2=" " tag="260"><subfield code="a">Bucuresti</subfield><subfield code="b">Editura Tehnica</subfield><subfield code="c">1979</subfield></datafield><datafield ind1=" " ind2=" " tag="300"><subfield code="a">868 P</subfield></datafield><datafield ind1="1" ind2=" " tag="700"><subfield code="a">Nicoara, Gheorghe</subfield></datafield><datafield ind1=" " ind2=" " tag="852"><subfield code="a">D.533</subfield><subfield code="c">SLF</subfield></datafield><datafield ind1=" " ind2=" " tag="CAT"><subfield code="a">Sys</subfield><subfield code="c">20130214</subfield><subfield code="h">171522</subfield></datafield></record></collection>